%
% COLA
%

@ARTICLE{2013JCAP...06..036T,
   author = {{Tassev}, S. and {Zaldarriaga}, M. and {Eisenstein}, D.~J.},
    title = "{Solving large scale structure in ten easy steps with COLA}",
  journal = {\jcap},
archivePrefix = "arXiv",
   eprint = {1301.0322},
 primaryClass = "astro-ph.CO",
     year = 2013,
    month = jun,
   volume = 6,
      eid = {036},
    pages = {36},
      doi = {10.1088/1475-7516/2013/06/036},
   adsurl = {http://adsabs.harvard.edu/abs/2013JCAP...06..036T},
  adsnote = {Provided by the SAO/NASA Astrophysics Data System},
     note = {(TZE)}
}

@ARTICLE{2016MNRAS.459.2118K,
   author = {{Koda}, J. and {Blake}, C. and {Beutler}, F. and {Kazin}, E. and 
	{Marin}, F.},
    title = "{Fast and accurate mock catalogue generation for low-mass galaxies}",
  journal = {\mnras},
archivePrefix = "arXiv",
   eprint = {1507.05329},
 keywords = {methods: numerical, cosmology: theory, large-scale structure of Universe},
     year = 2016,
    month = jun,
   volume = 459,
    pages = {2118-2129},
      doi = {10.1093/mnras/stw763},
   adsurl = {http://adsabs.harvard.edu/abs/2016MNRAS.459.2118K},
  adsnote = {Provided by the SAO/NASA Astrophysics Data System}
}

%
% Simulation
%
@ARTICLE{1985ApJ...292..371D,
   author = {{Davis}, M. and {Efstathiou}, G. and {Frenk}, C.~S. and {White}, S.~D.~M.
	},
    title = "{The evolution of large-scale structure in a universe dominated by cold dark matter}",
  journal = {\apj},
 keywords = {Computational Astrophysics, Cosmology, Galactic Clusters, Galactic Evolution, Missing Mass (Astrophysics), Weak Interactions (Field Theory), Astronomical Models, Computerized Simulation, Correlation, Many Body Problem, Mass Distribution, Mass To Light Ratios, Matter (Physics), Radial Velocity, Red Shift},
     year = 1985,
    month = may,
   volume = 292,
    pages = {371-394},
      doi = {10.1086/163168},
   adsurl = {http://adsabs.harvard.edu/abs/1985ApJ...292..371D},
  adsnote = {Provided by the SAO/NASA Astrophysics Data System}
}

@ARTICLE{2010ApJ...724..878T,
   author = {{Tinker}, J.~L. and {Robertson}, B.~E. and {Kravtsov}, A.~V. and 
	{Klypin}, A. and {Warren}, M.~S. and {Yepes}, G. and {Gottl{\"o}ber}, S.
	},
    title = "{The Large-scale Bias of Dark Matter Halos: Numerical Calibration and Model Tests}",
  journal = {\apj},
archivePrefix = "arXiv",
   eprint = {1001.3162},
 keywords = {cosmology: theory, large-scale structure of universe, methods: numerical},
     year = 2010,
    month = dec,
   volume = 724,
    pages = {878-886},
      doi = {10.1088/0004-637X/724/2/878},
   adsurl = {http://adsabs.harvard.edu/abs/2010ApJ...724..878T},
  adsnote = {Provided by the SAO/NASA Astrophysics Data System}
}

%
% mock
%
@ARTICLE{2010ApJS..190..311C,
   author = {{Carlson}, J. and {White}, M.},
    title = "{Embedding Realistic Surveys in Simulations Through Volume Remapping}",
  journal = {\apjs},
archivePrefix = "arXiv",
   eprint = {1003.3178},
 primaryClass = "astro-ph.CO",
 keywords = {large-scale structure of universe, methods: numerical},
     year = 2010,
    month = oct,
   volume = 190,
    pages = {311-314},
      doi = {10.1088/0067-0049/190/2/311},
   adsurl = {http://adsabs.harvard.edu/abs/2010ApJS..190..311C},
  adsnote = {Provided by the SAO/NASA Astrophysics Data System}
}

@ARTICLE{2005ApJ...633..791Z,
   author = {{Zheng}, Z. and {Berlind}, A.~A. and {Weinberg}, D.~H. and {Benson}, A.~J. and 
	{Baugh}, C.~M. and {Cole}, S. and {Dav{\'e}}, R. and {Frenk}, C.~S. and 
	{Katz}, N. and {Lacey}, C.~G.},
    title = "{Theoretical Models of the Halo Occupation Distribution: Separating Central and Satellite Galaxies}",
  journal = {\apj},
   eprint = {astro-ph/0408564},
 keywords = {Cosmology: Theory, Galaxies: Formation, Galaxies: Halos, Cosmology: Large-Scale Structure of Universe},
     year = 2005,
    month = nov,
   volume = 633,
    pages = {791-809},
      doi = {10.1086/466510},
   adsurl = {http://adsabs.harvard.edu/abs/2005ApJ...633..791Z},
  adsnote = {Provided by the SAO/NASA Astrophysics Data System}
}

@ARTICLE{2013A&A...557A..54D,
   author = {{de la Torre}, S. and {Guzzo}, L. and {Peacock}, J.~A. and {Branchini}, E. and 
	{Iovino}, A. and {Granett}, B.~R. and {Abbas}, U. and {Adami}, C. and 
	{Arnouts}, S. and {Bel}, J. and {Bolzonella}, M. and {Bottini}, D. and 
	{Cappi}, A. and {Coupon}, J. and {Cucciati}, O. and {Davidzon}, I. and 
	{De Lucia}, G. and {Fritz}, A. and {Franzetti}, P. and {Fumana}, M. and 
	{Garilli}, B. and {Ilbert}, O. and {Krywult}, J. and {Le Brun}, V. and 
	{Le F{\`e}vre}, O. and {Maccagni}, D. and {Ma{\l}ek}, K. and 
	{Marulli}, F. and {McCracken}, H.~J. and {Moscardini}, L. and 
	{Paioro}, L. and {Percival}, W.~J. and {Polletta}, M. and {Pollo}, A. and 
	{Schlagenhaufer}, H. and {Scodeggio}, M. and {Tasca}, L.~A.~M. and 
	{Tojeiro}, R. and {Vergani}, D. and {Zanichelli}, A. and {Burden}, A. and 
	{Di Porto}, C. and {Marchetti}, A. and {Marinoni}, C. and {Mellier}, Y. and 
	{Monaco}, P. and {Nichol}, R.~C. and {Phleps}, S. and {Wolk}, M. and 
	{Zamorani}, G.},
    title = "{The VIMOS Public Extragalactic Redshift Survey (VIPERS) . Galaxy clustering and redshift-space distortions at z {$\simeq$} 0.8 in the first data release}",
  journal = {\aap},
archivePrefix = "arXiv",
   eprint = {1303.2622},
 primaryClass = "astro-ph.CO",
 keywords = {cosmology: observations, large-scale structure of Universe, galaxies: high-redshift, galaxies: statistics},
     year = 2013,
    month = sep,
   volume = 557,
      eid = {A54},
    pages = {A54},
      doi = {10.1051/0004-6361/201321463},
   adsurl = {http://adsabs.harvard.edu/abs/2013A%26A...557A..54D},
  adsnote = {Provided by the SAO/NASA Astrophysics Data System}
}
